
@article{
        author={Brooks},
        year={1987},
        title={No Silver Bullet Essence and Accidents of Software Engineering},
        journal={Computer},
        volume={20},
        number={4},
        pages={10-19},
        note={http://openurl.lib.rochester.edu/?ctx_ver=Z39.88-2004&ctx_enc=info%3Aofi%2Fenc%3AUTF-8&rfr_id=info:sid/summon.serialssolutions.com&rft_val_fmt=info:ofi/fmt:kev:mtx:journal&rft.genre=article&rft.atitle=No+Silver+Bullet+Essence+and+Accidents+of+Software+Engineering&rft.jtitle=Computer&rft.au=Brooks&rft.date=1987&rft.pub=IEEE&rft.issn=0018-9162&rft.eissn=1558-0814&rft.volume=20&rft.issue=4&rft.spage=10&rft.epage=19&rft_id=info:doi/10.1109%2FMC.1987.1663532&rft.externalDocID=2&paramdict=en-US},
        keywords={Costs; Technological innovation; Roads; Industrial accidents; Hardware; Computer industry; Diseases; Software engineering; Silver; Project management},
        isbn={0018-9162},
        language={English},
}
}

